@article{Abbott_2016,
   title={Observation of Gravitational Waves from a Binary Black Hole Merger},
   volume={116},
   ISSN={1079-7114},
   url={http://dx.doi.org/10.1103/PhysRevLett.116.061102},
   DOI={10.1103/physrevlett.116.061102},
   number={6},
   journal={Physical Review Letters},
   publisher={American Physical Society (APS)},
   author={Abbott, B. P. and Abbott, R. and Abbott, T. D. and Abernathy, M. R.
and Acernese, F. and Ackley, K. and Adams, C. and Adams, T. and Addesso, P. and
Adhikari, R. X. and et al.},
   year={2016},
   month={Feb}
}
@misc{carroll1997lecture,
    title={Lecture Notes on General Relativity},
    author={Sean M. Carroll},
    year={1997},
    eprint={gr-qc/9712019},
    archivePrefix={arXiv},
    primaryClass={gr-qc}
}
@BOOK{2003gieg.book.....H,
       author = {{Hartle}, James B.},
        title = "{Gravity : an introduction to Einstein's general relativity}",
         year = 2003,
       adsurl = {https://ui.adsabs.harvard.edu/abs/2003gieg.book.....H},
      adsnote = {Provided by the SAO/NASA Astrophysics Data System}
}

@article{Abbott_2017,
   title={GW170817: Observation of Gravitational Waves from a Binary Neutron
Star Inspiral},
   volume={119},
   ISSN={1079-7114},
   url={http://dx.doi.org/10.1103/PhysRevLett.119.161101},
   DOI={10.1103/physrevlett.119.161101},
   number={16},
   journal={Physical Review Letters},
   publisher={American Physical Society (APS)},
   author={Abbott, B. P. and Abbott, R. and Abbott, T. D. and Acernese, F. and
Ackley, K. and Adams, C. and Adams, T. and Addesso, P. and Adhikari, R. X. and
Adya, V. B. and et al.},
   year={2017},
   month={Oct}
}
@article{Sathyaprakash_2009,
   title={Physics, Astrophysics and Cosmology with Gravitational Waves},
   volume={12},
   ISSN={1433-8351},
   url={http://dx.doi.org/10.12942/lrr-2009-2},
   DOI={10.12942/lrr-2009-2},
   number={1},
   journal={Living Reviews in Relativity},
   publisher={Springer Science and Business Media LLC},
   author={Sathyaprakash, B. S. and Schutz, Bernard F.},
   year={2009},
   month={Mar}
}
@article{Schutz_2011,
   title={Networks of gravitational wave detectors and three figures of merit},
   volume={28},
   ISSN={1361-6382},
   url={http://dx.doi.org/10.1088/0264-9381/28/12/125023},
   DOI={10.1088/0264-9381/28/12/125023},
   number={12},
   journal={Classical and Quantum Gravity},
   publisher={IOP Publishing},
   author={Schutz, Bernard F},
   year={2011},
   month={May},
   pages={125023}
}
@article{2015,
   title={Advanced LIGO},
   volume={32},
   ISSN={1361-6382},
   url={http://dx.doi.org/10.1088/0264-9381/32/7/074001},
   DOI={10.1088/0264-9381/32/7/074001},
   number={7},
   journal={Classical and Quantum Gravity},
   publisher={IOP Publishing},
   author={Aasi, J and Abbott, B P and Abbott, R and Abbott, T and Abernathy, M
R and Ackley, K and Adams, C and Adams, T and Addesso, P and et al.},
   year={2015},
   month={Mar},
   pages={074001}
}
@article{Lattimer_2004,
   title={The Physics of Neutron Stars},
   volume={304},
   ISSN={1095-9203},
   url={http://dx.doi.org/10.1126/science.1090720},
   DOI={10.1126/science.1090720},
   number={5670},
   journal={Science},
   publisher={American Association for the Advancement of Science (AAAS)},
   author={Lattimer, J. M.},
   year={2004},
   month={Apr},
   pages={536–542}
}
@misc{collaboration2020gw190412,
    title={GW190412: Observation of a Binary-Black-Hole Coalescence with
Asymmetric Masses},
    author={The LIGO Scientific Collaboration and the Virgo Collaboration 
},
    year={2020},
    eprint={2004.08342},
    archivePrefix={arXiv},
    primaryClass={astro-ph.HE}
}
@article{LATTIMER_2007,
   title={Neutron star observations: Prognosis for equation of state
constraints},
   volume={442},
   ISSN={0370-1573},
   url={http://dx.doi.org/10.1016/j.physrep.2007.02.003},
   DOI={10.1016/j.physrep.2007.02.003},
   number={1-6},
   journal={Physics Reports},
   publisher={Elsevier BV},
   author={LATTIMER, J and PRAKASH, M},
   year={2007},
   month={Apr},
   pages={109–165}
}
@article{Idrisy_2015,
   title={R-mode frequencies of slowly rotating relativistic neutron stars with
realistic equations of state},
   volume={91},
   ISSN={1550-2368},
   url={http://dx.doi.org/10.1103/PhysRevD.91.024001},
   DOI={10.1103/physrevd.91.024001},
   number={2},
   journal={Physical Review D},
   publisher={American Physical Society (APS)},
   author={Idrisy, Ashikuzzaman and Owen, Benjamin J. and Jones, David I.},
   year={2015},
   month={Jan}
}
@article{Lindblom_1999,
   title={Second-order rotational effects on ther-modes of neutron stars},
   volume={60},
   ISSN={1089-4918},
   url={http://dx.doi.org/10.1103/PhysRevD.60.064006},
   DOI={10.1103/physrevd.60.064006},
   number={6},
   journal={Physical Review D},
   publisher={American Physical Society (APS)},
   author={Lindblom, Lee and Mendell, Gregory and Owen, Benjamin J.},
   year={1999},
   month={Aug}
}
@article{Lindblom_2000,
   title={Effect of a neutron-star crust on the r-mode instability},
   volume={62},
   ISSN={1089-4918},
   url={http://dx.doi.org/10.1103/PhysRevD.62.084030},
   DOI={10.1103/physrevd.62.084030},
   number={8},
   journal={Physical Review D},
   publisher={American Physical Society (APS)},
   author={Lindblom, Lee and Owen, Benjamin and Ushomirsky, Greg},
   year={2000},
   month={Sep}
}
@ARTICLE{1987ApJ...314..234C,
       author = {{Cutler}, Curt and {Lindblom}, Lee},
        title = "{The Effect of Viscosity on Neutron Star Oscillations}",
      journal = {Astrophys. J.},
     keywords = {Neutron Stars, Stellar Oscillations, Viscosity, Equations Of
State, Relativistic Effects, Stellar Rotation, Superfluidity, Thermal
Conductivity, Astrophysics, EQUATION OF STATE, HYDRODYNAMICS, RELATIVITY, STARS:
NEUTRON, STARS: PULSATION, STARS: ROTATION},
         year = 1987,
        month = mar,
       volume = {314},
        pages = {234},
          doi = {10.1086/165052},
       adsurl = {https://ui.adsabs.harvard.edu/abs/1987ApJ...314..234C},
      adsnote = {Provided by the SAO/NASA Astrophysics Data System}
}
@article{ANDERSSON_2001,
   title={THE R-MODE INSTABILITY IN ROTATING NEUTRON STARS},
   volume={10},
   ISSN={1793-6594},
   url={http://dx.doi.org/10.1142/S0218271801001062},
   DOI={10.1142/s0218271801001062},
   number={04},
   journal={International Journal of Modern Physics D},
   publisher={World Scientific Pub Co Pte Lt},
   author={ANDERSSON, NILS and KOKKOTAS, KOSTAS D.},
   year={2001},
   month={Aug},
   pages={381–441}
}
@article{Jaranowski_2000,
   title={Data analysis of gravitational-wave signals from spinning neutron
stars. III. Detection statistics and computational requirements},
   volume={61},
   ISSN={1089-4918},
   url={http://dx.doi.org/10.1103/PhysRevD.61.062001},
   DOI={10.1103/physrevd.61.062001},
   number={6},
   journal={Physical Review D},
   publisher={American Physical Society (APS)},
   author={Jaranowski, Piotr and Krolak, Andrzej},
   year={2000},
   month={Feb}
}
@article{Owen_1996,
   title={Search templates for gravitational waves from inspiraling binaries:
Choice of template spacing},
   volume={53},
   ISSN={1089-4918},
   url={http://dx.doi.org/10.1103/PhysRevD.53.6749},
   DOI={10.1103/physrevd.53.6749},
   number={12},
   journal={Physical Review D},
   publisher={American Physical Society (APS)},
   author={Owen, Benjamin J.},
   year={1996},
   month={Jun},
   pages={6749–6761}
}
@article{Wette_2008,
   title={Searching for gravitational waves from Cassiopeia A with LIGO},
   volume={25},
   ISSN={1361-6382},
   url={http://dx.doi.org/10.1088/0264-9381/25/23/235011},
   DOI={10.1088/0264-9381/25/23/235011},
   number={23},
   journal={Classical and Quantum Gravity},
   publisher={IOP Publishing},
   author={Wette, K and Owen, B J and Allen, B and Ashley, M and Betzwieser, J
and Christensen, N and Creighton, T D and Dergachev, V and Gholami, I and Goetz,
E and et al.},
   year={2008},
   month={Nov},
   pages={235011}
}
@article{Abbott_2007,
   title={Searches for periodic gravitational waves from unknown isolated
sources and Scorpius X-1: Results from the second LIGO science run},
   volume={76},
   ISSN={1550-2368},
   url={http://dx.doi.org/10.1103/PhysRevD.76.082001},
   DOI={10.1103/physrevd.76.082001},
   number={8},
   journal={Physical Review D},
   publisher={American Physical Society (APS)},
   author={Abbott, B. and Abbott, R. and Adhikari, R. and Agresti, J. and Ajith,
P. and Allen, B. and Amin, R. and Anderson, S. B. and Anderson, W. G. and Arain,
M. and et al.},
   year={2007},
   month={Oct}
}
 
@phdthesis{Wette:2009uea,
    author = "Wette, Karl William",
    title = "{Gravitational waves from accreting neutron stars and Cassiopeia
A}",
    school = "Australian Natl. U., Canberra",
    year = "2009"
}
@article{Weisberg_2010,
   title={TIMING MEASUREMENTS OF THE RELATIVISTIC BINARY PULSAR PSR B1913+16},
   volume={722},
   ISSN={1538-4357},
   url={http://dx.doi.org/10.1088/0004-637X/722/2/1030},
   DOI={10.1088/0004-637x/722/2/1030},
   number={2},
   journal={The Astrophysical Journal},
   publisher={IOP Publishing},
   author={Weisberg, J. M. and Nice, D. J. and Taylor, J. H.},
   year={2010},
   month={Sep},
   pages={1030–1034}
}
@article{Abbott_2019,
   title={GWTC-1: A Gravitational-Wave Transient Catalog of Compact Binary
Mergers Observed by LIGO and Virgo during the First and Second Observing Runs},
   volume={9},
   ISSN={2160-3308},
   url={http://dx.doi.org/10.1103/PhysRevX.9.031040},
   DOI={10.1103/physrevx.9.031040},
   number={3},
   journal={Physical Review X},
   publisher={American Physical Society (APS)},
   author={Abbott, B. P. and Abbott, R. and Abbott, T. D. and Abraham, S. and
Acernese, F. and Ackley, K. and Adams, C. and Adhikari, R. X. and Adya, V. B.
and Affeldt, C. and et al.},
   year={2019},
   month={Sep}
}
@article{Schutz,
   title={Gravitational Radiation},
   ISBN={0333750888},
   url={http://dx.doi.org/10.1888/0333750888/2110},
   DOI={10.1888/0333750888/2110},
   journal={The Encyclopedia of Astronomy and Astrophysics},
   publisher={IOP Publishing Ltd},
   author={Schutz, Bernard}
}
@misc{lindblom2001neutron,
    title={Neutron Star Pulsations and Instabilities},
    author={Lee Lindblom},
    year={2001},
    eprint={astro-ph/0101136},
    archivePrefix={arXiv},
    primaryClass={astro-ph}
}
@misc{thorne1995gravitational,
    title={Gravitational Waves},
    author={Kip S. Thorne},
    year={1995},
    eprint={gr-qc/9506086},
    archivePrefix={arXiv},
    primaryClass={gr-qc}
}


@ARTICLE{AKS:1999ApJ,
   author = {{Andersson}, N. and {Kokkotas}, K. and {Schutz}, B.~F.},
    title = "{Gravitational Radiation Limit on the Spin of Young Neutron
Stars}",
  journal = {\apj},
   eprint = {astro-ph/9805225},
 keywords = {GRAVITATION, STARS: NEUTRON, STARS: OSCILLATIONS, STARS: ROTATION,
Gravitation, Stars: Neutron, Stars: Oscillations, Stars: Rotation},
     year = 1999,
    month = jan,
   volume = 510,
    pages = {846-853},
      doi = {10.1086/306625},
   adsurl = {http://adsabs.harvard.edu/abs/1999ApJ...510..846A},
  adsnote = {Provided by the SAO/NASA Astrophysics Data System}
}


@ARTICLE{OwenSathya1999,
   author = {{Owen}, B.~J. and {Sathyaprakash}, B.~S.},
    title = "{Matched filtering of gravitational waves from inspiraling compact
binaries: Computational cost and template placement}",
  journal = {\prd},
   eprint = {gr-qc/9808076},
 keywords = {Gravitational wave detectors and experiments, Data analysis:
algorithms and implementation, data management, Binary and multiple stars},
     year = 1999,
    month = jul,
   volume = 60,
   number = 2,
      eid = {022002},
    pages = {022002},
      doi = {10.1103/PhysRevD.60.022002},
   adsurl = {http://adsabs.harvard.edu/abs/1999PhRvD..60b2002O},
  adsnote = {Provided by the SAO/NASA Astrophysics Data System}
}

@misc{LALSuite,
       author         = "{LIGO Scientific Collaboration}",
       title          = "{LIGO} {A}lgorithm {L}ibrary - {LALS}uite",
       howpublished   = "free software (GPL)",
       doi            = "10.7935/GT1W-FZ16",
       year           = "2018"
 }

@ARTICLE{Crab2015,
   author = {{Lyne}, A.~G. and {Jordan}, C.~A. and {Graham-Smith}, F. and 
	{Espinoza}, C.~M. and {Stappers}, B.~W. and {Weltevrede}, P.
	},
    title = "{45 years of rotation of the Crab pulsar}",
  journal = {Mon. Not. Roy. Astron. Soc.},
archivePrefix = "arXiv",
   eprint = {1410.0886},
 primaryClass = "astro-ph.HE",
 keywords = {stars: neutron, pulsars: general, pulsars: individual: Crab},
     year = 2015,
    month = jan,
   volume = 446,
    pages = {857-864},
      doi = {10.1093/mnras/stu2118},
   adsurl = {http://adsabs.harvard.edu/abs/2015MNRAS.446..857L},
  adsnote = {Provided by the SAO/NASA Astrophysics Data System},
note = "Updated at http://www.jb.man.ac.uk/pulsar/crab.html"
}


@article{Lockitch:2002sy,
      author         = "Lockitch, Keith H. and Friedman, John L. and Andersson,
                        Nils",
      title          = "{The Rotational modes of relativistic stars: Numerical
                        results}",
      journal        = "Phys. Rev.",
      volume         = "D68",
      year           = "2003",
      pages          = "124010",
      doi            = "10.1103/PhysRevD.68.124010",
      eprint         = "gr-qc/0210102",
      archivePrefix  = "arXiv",
      primaryClass   = "gr-qc",
      SLACcitation   = "%%CITATION = GR-QC/0210102;%%"
}

@article{Cutler:2005hc,
      author         = "Cutler, Curt and Schutz, Bernard F.",
      title          = "{The Generalized F-statistic: Multiple detectors and
                        multiple GW pulsars}",
      journal        = "Phys. Rev.",
      volume         = "D72",
      year           = "2005",
      pages          = "063006",
      doi            = "10.1103/PhysRevD.72.063006",
      eprint         = "gr-qc/0504011",
      archivePrefix  = "arXiv",
      primaryClass   = "gr-qc",
      SLACcitation   = "%%CITATION = GR-QC/0504011;%%"
}

@article{Paschalidis:2016vmz,
      author         = "Paschalidis, Vasileios and Stergioulas, Nikolaos",
      title          = "{Rotating Stars in Relativity}",
      journal        = "Living Rev. Rel.",
      volume         = "20",
      year           = "2017",
      number         = "1",
      pages          = "7",
      doi            = "10.1007/s41114-017-0008-x",
      eprint         = "1612.03050",
      archivePrefix  = "arXiv",
      primaryClass   = "astro-ph.HE",
      SLACcitation   = "%%CITATION = ARXIV:1612.03050;%%"
}

@article{Ashton:2014qya,
      author         = "Ashton, G. and Jones, D. I. and Prix, R.",
      title          = "{Effect of timing noise on targeted and narrow-band
                        coherent searches for continuous gravitational waves
from
                        pulsars}",
      journal        = "Phys. Rev.",
      volume         = "D91",
      year           = "2015",
      number         = "6",
      pages          = "062009",
      doi            = "10.1103/PhysRevD.91.062009",
      eprint         = "1410.8044",
      archivePrefix  = "arXiv",
      primaryClass   = "gr-qc",
      SLACcitation   = "%%CITATION = ARXIV:1410.8044;%%"
}

@article{Glendenning:1997fy,
      author         = "Glendenning, Norman K. and Pei, S. and Weber, F.",
      title          = "{Signal of quark deconfinement in the timing structure
of
                        pulsar spindown}",
      journal        = "Phys. Rev. Lett.",
      volume         = "79",
      year           = "1997",
      pages          = "1603-1606",
      doi            = "10.1103/PhysRevLett.79.1603",
      eprint         = "astro-ph/9705235",
      archivePrefix  = "arXiv",
      primaryClass   = "astro-ph",
      reportNumber   = "LBL-39746",
      SLACcitation   = "%%CITATION = ASTRO-PH/9705235;%%"
}

@article{Levin:2000vq,
      author         = "Levin, Yuri and Ushomirsky, Greg",
      title          = "{Crust core coupling and r mode damping in neutron
stars:
                        A Toy model}",
      journal        = "Mon. Not. Roy. Astron. Soc.",
      volume         = "324",
      year           = "2001",
      pages          = "917",
      doi            = "10.1046/j.1365-8711.2001.04323.x",
      eprint         = "astro-ph/0006028",
      archivePrefix  = "arXiv",
      primaryClass   = "astro-ph",
      SLACcitation   = "%%CITATION = ASTRO-PH/0006028;%%"
}

@article{Abbott:2018qee,
      author         = "Abbott, B. P. and others",
      title          = "{Searches for Continuous Gravitational Waves from
Fifteen
                        Supernova Remnants and Fomalhaut b with Advanced LIGO}",
      collaboration  = "LIGO Scientific, Virgo",
      year           = "2018",
      eprint         = "1812.11656",
      archivePrefix  = "arXiv",
      primaryClass   = "astro-ph.HE",
      reportNumber   = "LIGO-P1800333",
      SLACcitation   = "%%CITATION = ARXIV:1812.11656;%%"
}

@article{TheLIGOScientific:2017qsa,
      author         = "Abbott, B. P. and others",
      title          = "{GW170817: Observation of Gravitational Waves from a
                        Binary Neutron Star Inspiral}",
      collaboration  = "LIGO Scientific, Virgo",
      journal        = "Phys. Rev. Lett.",
      volume         = "119",
      year           = "2017",
      number         = "16",
      pages          = "161101",
      doi            = "10.1103/PhysRevLett.119.161101",
      eprint         = "1710.05832",
      archivePrefix  = "arXiv",
      primaryClass   = "gr-qc",
      reportNumber   = "LIGO-P170817",
      SLACcitation   = "%%CITATION = ARXIV:1710.05832;%%"
}

@article{Read:2008iy,
      author         = "Read, Jocelyn S. and Lackey, Benjamin D. and Owen,
                        Benjamin J. and Friedman, John L.",
      title          = "{Constraints on a phenomenologically parameterized
                        neutron-star equation of state}",
      journal        = "Phys. Rev.",
      volume         = "D79",
      year           = "2009",
      pages          = "124032",
      doi            = "10.1103/PhysRevD.79.124032",
      eprint         = "0812.2163",
      archivePrefix  = "arXiv",
      primaryClass   = "astro-ph",
      SLACcitation   = "%%CITATION = ARXIV:0812.2163;%%"
}

@article{Riles:2017evm,
      author         = "Riles, Keith",
      title          = "{Recent searches for continuous gravitational waves}",
      journal        = "Mod. Phys. Lett.",
      volume         = "A32",
      year           = "2017",
      number         = "39",
      pages          = "1730035",
      doi            = "10.1142/S021773231730035X",
      eprint         = "1712.05897",
      archivePrefix  = "arXiv",
      primaryClass   = "gr-qc",
      SLACcitation   = "%%CITATION = ARXIV:1712.05897;%%"
}

@article{Abbott:2017cvf,
      author         = "Abbott, Benjamin P. and others",
      title          = "{First narrow-band search for continuous gravitational
                        waves from known pulsars in advanced detector data}",
      collaboration  = "LIGO Scientific, Virgo",
      journal        = "Phys. Rev.",
      volume         = "D96",
      year           = "2017",
      number         = "12",
      pages          = "122006",
      doi            = "10.1103/PhysRevD.96.122006, 10.1103/PhysRevD.97.129903",
      note           = "[Erratum: Phys. Rev.D97,no.12,129903(2018)]",
      eprint         = "1710.02327",
      archivePrefix  = "arXiv",
      primaryClass   = "gr-qc",
      SLACcitation   = "%%CITATION = ARXIV:1710.02327;%%"
}

@article{Abbott:2017ylp,
      author         = "Abbott, Benjamin P. and others",
      title          = "{First search for gravitational waves from known pulsars
                        with Advanced LIGO}",
      collaboration  = "LIGO Scientific, Virgo",
      journal        = "Astrophys. J.",
      volume         = "839",
      year           = "2017",
      number         = "1",
      pages          = "12",
      doi            = "10.3847/1538-4357/aa9aee, 10.3847/1538-4357/aa677f",
      note           = "[Erratum: Astrophys. J.851,no.1,71(2017)]",
      eprint         = "1701.07709",
      archivePrefix  = "arXiv",
      primaryClass   = "astro-ph.HE",
      reportNumber   = "LIGO-P1600159",
      SLACcitation   = "%%CITATION = ARXIV:1701.07709;%%"
}

@article{Prix:2006wm,
      author         = "Prix, Reinhard",
      title          = "{Search for continuous gravitational waves: Metric of
the
                        multi-detector F-statistic}",
      journal        = "Phys. Rev.",
      volume         = "D75",
      year           = "2007",
      pages          = "023004",
      doi            = "10.1103/PhysRevD.75.023004, 10.1103/PhysRevD.75.069901",
      note           = "[Erratum: Phys. Rev.D75,069901(2007)]",
      eprint         = "gr-qc/0606088",
      archivePrefix  = "arXiv",
      primaryClass   = "gr-qc",
      reportNumber   = "AEI-2006-043",
      SLACcitation   = "%%CITATION = GR-QC/0606088;%%"
}

@article{Abadie:2010hv,
      author         = "Abadie, J. and others",
      title          = "{First search for gravitational waves from the youngest
                        known neutron star}",
      collaboration  = "LIGO Scientific",
      journal        = "Astrophys. J.",
      volume         = "722",
      year           = "2010",
      pages          = "1504-1513",
      doi            = "10.1088/0004-637X/722/2/1504",
      eprint         = "1006.2535",
      archivePrefix  = "arXiv",
      primaryClass   = "gr-qc",
      reportNumber   = "LIGO-P1000028-V5, LIGO-P1000028-V7",
      SLACcitation   = "%%CITATION = ARXIV:1006.2535;%%"
}

@article{Andersson:2017fow,
      author         = "Andersson, N. and Antonopoulou, D. and Espinoza, C. M.
                        and Haskell, B. and Ho, W. C. G.",
      title          = "{The Enigmatic Spin Evolution of PSR J0537–6910:
                        r-modes, Gravitational Waves, and the Case for Continued
                        Timing}",
      journal        = "Astrophys. J.",
      volume         = "864",
      year           = "2018",
      number         = "2",
      pages          = "137",
      doi            = "10.3847/1538-4357/aad6eb",
      eprint         = "1711.05550",
      archivePrefix  = "arXiv",
      primaryClass   = "astro-ph.HE",
      SLACcitation   = "%%CITATION = ARXIV:1711.05550;%%"
}

@article{Abbott:2019bed,
      author         = "Abbott, B. P. and others",
      title          = "{Narrow-band search for gravitational waves from known
                        pulsars using the second LIGO observing run}",
      collaboration  = "LIGO Scientific, Virgo",
      year           = "2019",
      eprint         = "1902.08442",
      archivePrefix  = "arXiv",
      primaryClass   = "gr-qc",
      SLACcitation   = "%%CITATION = ARXIV:1902.08442;%%"
}

@article{Glampedakis:2017nqy,
      author         = "Glampedakis, Kostas and Gualtieri, Leonardo",
      title          = "{Gravitational waves from single neutron stars: an
                        advanced detector era survey}",
      journal        = "Astrophys. Space Sci. Libr.",
      volume         = "457",
      year           = "2018",
      pages          = "673-736",
      doi            = "10.1007/978-3-319-97616-7_12",
      eprint         = "1709.07049",
      archivePrefix  = "arXiv",
      primaryClass   = "astro-ph.HE",
      SLACcitation   = "%%CITATION = ARXIV:1709.07049;%%"
}

@article{Friedman:2017wfi,
      author         = "Friedman, John L. and Lindblom, Lee and Rezzolla,
Luciano
                        and Chugunov, Andrey I.",
      title          = "{Limits on Magnetic Field Amplification from the r-Mode
                        Instability}",
      journal        = "Phys. Rev.",
      volume         = "D96",
      year           = "2017",
      number         = "12",
      pages          = "124008",
      doi            = "10.1103/PhysRevD.96.124008",
      eprint         = "1707.09419",
      archivePrefix  = "arXiv",
      primaryClass   = "astro-ph.HE",
      SLACcitation   = "%%CITATION = ARXIV:1707.09419;%%"
}

@article{Jasiulek:2016epr,
      author         = "Jasiulek, Michael and Chirenti, Cecilia",
      title          = "{R-mode frequencies of rapidly and differentially
                        rotating relativistic neutron stars}",
      journal        = "Phys. Rev.",
      volume         = "D95",
      year           = "2017",
      number         = "6",
      pages          = "064060",
      doi            = "10.1103/PhysRevD.95.064060",
      eprint         = "1611.07924",
      archivePrefix  = "arXiv",
      primaryClass   = "gr-qc",
      SLACcitation   = "%%CITATION = ARXIV:1611.07924;%%"
}

@article{Yoshida:2000zz,
      author         = "Yoshida, Shijun and Lee, Umin",
      title          = "{Rotational modes of nonisentropic stars and the
                        gravitational radiation driven instability}",
      journal        = "Astrophys. J. Suppl.",
      volume         = "129",
      year           = "2000",
      pages          = "353",
      doi            = "10.1086/313410",
      eprint         = "astro-ph/0002300",
      archivePrefix  = "arXiv",
      primaryClass   = "astro-ph",
      SLACcitation   = "%%CITATION = ASTRO-PH/0002300;%%"
}

@article{Yoshida:2000eu,
      author         = "Yoshida, Shijun and Lee, Umin",
      title          = "{R modes of neutron stars with a solid crust}",
      journal        = "Astrophys. J.",
      volume         = "546",
      year           = "2001",
      pages          = "1121-1125",
      doi            = "10.1086/318292",
      eprint         = "astro-ph/0006107",
      archivePrefix  = "arXiv",
      primaryClass   = "astro-ph",
      SLACcitation   = "%%CITATION = ASTRO-PH/0006107;%%"
}

@article{Alford:2012yn,
      author         = "Alford, Mark G. and Schwenzer, Kai",
      title          = "{Gravitational wave emission and spindown of young
                        pulsars}",
      journal        = "Astrophys. J.",
      volume         = "781",
      year           = "2014",
      pages          = "26",
      doi            = "10.1088/0004-637X/781/1/26",
      eprint         = "1210.6091",
      archivePrefix  = "arXiv",
      primaryClass   = "gr-qc",
      SLACcitation   = "%%CITATION = ARXIV:1210.6091;%%"
}

@article{Andersson:2001bz,
      author         = "Andersson, N. and Comer, G. L.",
      title          = "{On the dynamics of superfluid neutron star cores}",
      journal        = "Mon. Not. Roy. Astron. Soc.",
      volume         = "328",
      year           = "2001",
      pages          = "1129",
      doi            = "10.1046/j.1365-8711.2001.04923.x",
      eprint         = "astro-ph/0101193",
      archivePrefix  = "arXiv",
      primaryClass   = "astro-ph",
      SLACcitation   = "%%CITATION = ASTRO-PH/0101193;%%"
}

@article{Jaranowski:2010rn,
      author         = "Jaranowski, Piotr and Krolak, Andrzej",
      title          = "{Search for gravitational waves from known pulsars using
                        $\mathcal{F}$ and $\mathcal{G}$ statistics}",
      booktitle      = "{Proceedings, 14th Workshop on Gravitational wave data
                        analysis (GWDAW-14): Rome, Italy, January 26-29, 2010}",
      journal        = "Class. Quant. Grav.",
      volume         = "27",
      year           = "2010",
      pages          = "194015",
      doi            = "10.1088/0264-9381/27/19/194015",
      eprint         = "1004.0324",
      archivePrefix  = "arXiv",
      primaryClass   = "gr-qc",
      SLACcitation   = "%%CITATION = ARXIV:1004.0324;%%"
}

@article{Manchester:2004bp,
      author         = "Manchester, R N and Hobbs, G B and Teoh, A and Hobbs,
M",
      title          = "{The Australia Telescope National Facility pulsar
                        catalogue}",
      journal        = "Astron. J.",
      volume         = "129",
      year           = "2005",
      pages          = "1993",
      doi            = "10.1086/428488",
      eprint         = "astro-ph/0412641",
      archivePrefix  = "arXiv",
      primaryClass   = "astro-ph",
      reportNumber   = "20041224",
      SLACcitation   = "%%CITATION = ASTRO-PH/0412641;%%",
note = "updated version at http://www.atnf.csiro.au/research/pulsar/psrcat"
}

@article{Kantor:2017xuo,
      author         = "Kantor, Elena M. and Gusakov, Mikhail E.",
      title          = "{Temperature-dependent r-modes in superfluid neutron
                        stars stratified by muons}",
      journal        = "Mon. Not. Roy. Astron. Soc.",
      volume         = "469",
      year           = "2017",
      number         = "4",
      pages          = "3928-3945",
      doi            = "10.1093/mnras/stx1075",
      eprint         = "1705.06027",
      archivePrefix  = "arXiv",
      primaryClass   = "astro-ph.HE",
      SLACcitation   = "%%CITATION = ARXIV:1705.06027;%%"
}

@article{Lindblom:1999wi,
      author         = "Lindblom, Lee and Mendell, Gregory",
      title          = "{R modes in superfluid neutron stars}",
      journal        = "Phys. Rev.",
      volume         = "D61",
      year           = "2000",
      pages          = "104003",
      doi            = "10.1103/PhysRevD.61.104003",
      eprint         = "gr-qc/9909084",
      archivePrefix  = "arXiv",
      primaryClass   = "gr-qc",
      SLACcitation   = "%%CITATION = GR-QC/9909084;%%"
}

@article{Ozel:2016oaf,
      author         = "Özel, Feryal and Freire, Paulo",
      title          = "{Masses, Radii, and the Equation of State of Neutron
                        Stars}",
      journal        = "Ann. Rev. Astron. Astrophys.",
      volume         = "54",
      year           = "2016",
      pages          = "401-440",
      doi            = "10.1146/annurev-astro-081915-023322",
      eprint         = "1603.02698",
      archivePrefix  = "arXiv",
      primaryClass   = "astro-ph.HE",
      SLACcitation   = "%%CITATION = ARXIV:1603.02698;%%"
}

@article{Glampedakis:2006ap,
      author         = "Glampedakis, Kostas and Andersson, Nils",
      title          = "{Crust-core coupling in rotating neutron stars}",
      journal        = "Phys. Rev.",
      volume         = "D74",
      year           = "2006",
      pages          = "044040",
      doi            = "10.1103/PhysRevD.74.044040",
      SLACcitation   = "%%CITATION = PHRVA,D74,044040;%%"
}

@article{Aasi:2013wya,
      author         = "Abbott, B. P. and others",
      title          = "{Prospects for Observing and Localizing
                        Gravitational-Wave Transients with Advanced LIGO,
Advanced
                        Virgo and KAGRA}",
      collaboration  = "KAGRA, LIGO Scientific, VIRGO",
      journal        = "Living Rev. Rel.",
      volume         = "21",
      year           = "2018",
      number         = "1",
      pages          = "3",
      doi            = "10.1007/s41114-018-0012-9, 10.1007/lrr-2016-1",
      eprint         = "1304.0670",
      archivePrefix  = "arXiv",
      primaryClass   = "gr-qc",
      reportNumber   = "LIGO-P1200087, VIR-0288A-12",
      SLACcitation   = "%%CITATION = ARXIV:1304.0670;%%"
}

@misc{H1O1,
author = "Sigg, Daniel",
year = "2016",
title = "{H1 Calibrated Sensitivity Spectra Oct 24 2015 (Representative for
O1)}",
note = "https://dcc.ligo.org/LIGO-G1600150/public"
}

@misc{L1O1,
author = "Sigg, Daniel",
year = "2016",
title = "{L1 Calibrated Sensitivity Spectra Oct 24 2015 (Representative for
O1)}",
note = "https://dcc.ligo.org/LIGO-G1600151/public"
}

@misc{H1O2,
author = "Kissel, Jeff",
title = "{H1 Calibrated Sensitivity Spectra Jun 10 2017 (Representative Best of
O2 -- C02, With Cleaning/Subtraction)}",
year = "2018",
note = "https://dcc.ligo.org/LIGO-G1801950/public"
}

@misc{L1O2,
author = "Kissel, Jeff",
year = "2018",
title = "{L1 Calibrated Sensitivity Spectra Aug 06 2017 (Representative Best
of O2 -- C02, With Cleaning/Subtraction)}",
note = "https://dcc.ligo.org/LIGO-G1801952/public"
}

@misc{Design,
author = "Barsotti, Lisa and Fritschel, Peter and Evans, Matthew and Gras,
Slawomir",
year = "2018",
title = "{Updated Advanced LIGO sensitivity design curve}",
note = "https://dcc.ligo.org/LIGO-T1800044/public"
}

@misc{A+,
author = "Barsotti, Lisa and McCuller, Lee and Evans, Matthew and Fritschel,
Peter",
title = "{The A+ design curve}",
year = "2018",
note = "https://dcc.ligo.org/LIGO-T1800042/public"
}

@article{Schwenzer:2016tkf,
      author         = "Schwenzer, Kai and Boztepe, Tuğba and Güver, Tolga and
                        Vurgun, Eda",
      title          = "{X-ray bounds on the r-mode amplitude in millisecond
                        pulsars}",
      journal        = "Mon. Not. Roy. Astron. Soc.",
      volume         = "466",
      year           = "2017",
      number         = "3",
      pages          = "2560-2569",
      doi            = "10.1093/mnras/stw3201",
      eprint         = "1609.01912",
      archivePrefix  = "arXiv",
      primaryClass   = "astro-ph.HE",
      SLACcitation   = "%%CITATION = ARXIV:1609.01912;%%"
}

@article{Bondarescu:2013xwa,
      author         = "Bondarescu, Ruxandra and Wasserman, Ira",
      title          = "{Nonlinear Development of the R-Mode Instability and the
                        Maximum Rotation Rate of Neutron Stars}",
      journal        = "Astrophys. J.",
      volume         = "778",
      year           = "2013",
      pages          = "9",
      doi            = "10.1088/0004-637X/778/1/9",
      eprint         = "1305.2335",
      archivePrefix  = "arXiv",
      primaryClass   = "astro-ph.SR",
      SLACcitation   = "%%CITATION = ARXIV:1305.2335;%%"
}

@article{Brink:2004kt,
      author         = "Brink, Jeandrew and Teukolsky, Saul A. and Wasserman,
                        Ira",
      title          = "{A Nonlinear coupling network to simulate the
development
                        of the r-mode instablility in neutron stars. II.
                        Dynamics}",
      journal        = "Phys. Rev.",
      volume         = "D71",
      year           = "2005",
      pages          = "064029",
      doi            = "10.1103/PhysRevD.71.064029",
      eprint         = "gr-qc/0410072",
      archivePrefix  = "arXiv",
      primaryClass   = "gr-qc",
      SLACcitation   = "%%CITATION = GR-QC/0410072;%%"
}

@article{Authors:2019ztc,
      title          = "{Searches for Gravitational Waves from Known Pulsars at
                        Two Harmonics in 2015-2017 LIGO Data}",
      collaboration  = "LIGO Scientific, Virgo",
      year           = "2019",
      eprint         = "1902.08507",
      archivePrefix  = "arXiv",
      primaryClass   = "astro-ph.HE",
      reportNumber   = "LIGO-P1800344",
      SLACcitation   = "%%CITATION = ARXIV:1902.08507;%%"
}

@article{Owen:1998xg,
      author         = "Owen, Benjamin J. and Lindblom, Lee and Cutler, Curt and
                        Schutz, Bernard F. and Vecchio, Alberto and Andersson,
                        Nils",
      title          = "{Gravitational waves from hot young rapidly rotating
                        neutron stars}",
      journal        = "Phys. Rev.",
      volume         = "D58",
      year           = "1998",
      pages          = "084020",
      doi            = "10.1103/PhysRevD.58.084020",
      eprint         = "gr-qc/9804044",
      archivePrefix  = "arXiv",
      primaryClass   = "gr-qc",
      reportNumber   = "GRP-496",
      SLACcitation   = "%%CITATION = GR-QC/9804044;%%"
}

@article{Alford:2014pxa,
      author         = "Alford, Mark G. and Schwenzer, Kai",
      title          = "{Gravitational wave emission from oscillating
millisecond
                        pulsars}",
      journal        = "Mon. Not. Roy. Astron. Soc.",
      volume         = "446",
      year           = "2015",
      number         = "4",
      pages          = "3631-3641",
      doi            = "10.1093/mnras/stu2361",
      eprint         = "1403.7500",
      archivePrefix  = "arXiv",
      primaryClass   = "gr-qc",
      SLACcitation   = "%%CITATION = ARXIV:1403.7500;%%"
}

@article{Arras:2002dw,
      author         = "Arras, Phil and Flanagan, Eanna E. and Morsink, Sharon
M.
                        and Schenk, A. Katrin and Teukolsky, Saul A. and
                        Wasserman, Ira",
      title          = "{Saturation of the R mode instability}",
      journal        = "Astrophys. J.",
      volume         = "591",
      year           = "2003",
      pages          = "1129-1151",
      doi            = "10.1086/374657",
      eprint         = "astro-ph/0202345",
      archivePrefix  = "arXiv",
      primaryClass   = "astro-ph",
      SLACcitation   = "%%CITATION = ASTRO-PH/0202345;%%"
}

@article{Sun:2017zge,
      author         = "Sun, L. and Melatos, A. and Suvorova, S. and Moran, W.
                        and Evans, R. J.",
      title          = "{Hidden Markov model tracking of continuous
gravitational
                        waves from young supernova remnants}",
      journal        = "Phys. Rev.",
      volume         = "D97",
      year           = "2018",
      number         = "4",
      pages          = "043013",
      doi            = "10.1103/PhysRevD.97.043013",
      eprint         = "1710.00460",
      archivePrefix  = "arXiv",
      primaryClass   = "astro-ph.IM",
      SLACcitation   = "%%CITATION = ARXIV:1710.00460;%%"
}

@article{Suvorova:2017dpm,
      author         = "Suvorova, S. and Clearwater, P. and Melatos, A. and Sun,
                        L. and Moran, W. and Evans, R. J.",
      title          = "{Hidden Markov model tracking of continuous
gravitational
                        waves from a binary neutron star with wandering spin.
II.
                        Binary orbital phase tracking}",
      journal        = "Phys. Rev.",
      volume         = "D96",
      year           = "2017",
      number         = "10",
      pages          = "102006",
      doi            = "10.1103/PhysRevD.96.102006",
      eprint         = "1710.07092",
      archivePrefix  = "arXiv",
      primaryClass   = "astro-ph.IM",
      SLACcitation   = "%%CITATION = ARXIV:1710.07092;%%"
}

@article{Dergachev:2011pd,
      author         = "Dergachev, Vladimir",
      title          = "{Loosely coherent searches for sets of well-modeled
                        signals}",
      journal        = "Phys. Rev.",
      volume         = "D85",
      year           = "2012",
      pages          = "062003",
      doi            = "10.1103/PhysRevD.85.062003",
      eprint         = "1110.3297",
      archivePrefix  = "arXiv",
      primaryClass   = "gr-qc",
      reportNumber   = "LIGO-P1100104-V6",
      SLACcitation   = "%%CITATION = ARXIV:1110.3297;%%"
}

@article{Ashton:2018qth,
      author         = "Ashton, Gregory and Prix, Reinhard and Jones, D. I.",
      title          = "{A semicoherent glitch-robust
                        continuous-gravitational-wave search method}",
      journal        = "Phys. Rev.",
      volume         = "D98",
      year           = "2018",
      number         = "6",
      pages          = "063011",
      doi            = "10.1103/PhysRevD.98.063011",
      eprint         = "1805.03314",
      archivePrefix  = "arXiv",
      primaryClass   = "gr-qc",
      SLACcitation   = "%%CITATION = ARXIV:1805.03314;%%"
}

@misc{Ira,
author = "Wasserman, Ira",
note = "private communication"
}

@misc{Ian,
author = "Jones, D. I.",
title = "R-modes and gravitational wave searches: frequencies and frequency
derivatives",
year = "2011",
note = "https://dcc.ligo.org/T1100355/public"
}

@article{Ashton:2017wui,
      author         = "Ashton, G. and Prix, R. and Jones, D. I.",
      title          = "{Statistical characterization of pulsar glitches and
                        their potential impact on searches for continuous
                        gravitational waves}",
      journal        = "Phys. Rev.",
      volume         = "D96",
      year           = "2017",
      number         = "6",
      pages          = "063004",
      doi            = "10.1103/PhysRevD.96.063004",
      eprint         = "1704.00742",
      archivePrefix  = "arXiv",
      primaryClass   = "gr-qc",
      SLACcitation   = "%%CITATION = ARXIV:1704.00742;%%"
}

@article{Patel:2009qe,
      author         = "Patel, Pinkesh and Siemens, Xavier and Dupuis, Rejean
and
                        Betzwieser, Joseph",
      title          = "{Implementation of barycentric resampling for continuous
                        wave searches in gravitational wave data}",
      journal        = "Phys. Rev.",
      volume         = "D81",
      year           = "2010",
      pages          = "084032",
      doi            = "10.1103/PhysRevD.81.084032",
      eprint         = "0912.4255",
      archivePrefix  = "arXiv",
      primaryClass   = "gr-qc",
      SLACcitation   = "%%CITATION = ARXIV:0912.4255;%%"
}

@article{Abbott:2003yq,
      author         = "Abbott, B. and others",
      title          = "{Setting upper limits on the strength of periodic
                        gravitational waves using the first science data from
the
                        GEO 600 and LIGO detectors}",
      collaboration  = "LIGO Scientific",
      journal        = "Phys. Rev.",
      volume         = "D69",
      year           = "2004",
      pages          = "082004",
      doi            = "10.1103/PhysRevD.69.082004",
      eprint         = "gr-qc/0308050",
      archivePrefix  = "arXiv",
      primaryClass   = "gr-qc",
      reportNumber   = "LIGO-P030008-E-Z, FERMILAB-PUB-03-456",
      SLACcitation   = "%%CITATION = GR-QC/0308050;%%"
}

@article{Dreissigacker:2018afk,
      author         = "Dreissigacker, Christoph and Prix, Reinhard and Wette,
                        Karl",
      title          = "{Fast and Accurate Sensitivity Estimation for
                        Continuous-Gravitational-Wave Searches}",
      journal        = "Phys. Rev.",
      volume         = "D98",
      year           = "2018",
      number         = "8",
      pages          = "084058",
      doi            = "10.1103/PhysRevD.98.084058",
      eprint         = "1808.02459",
      archivePrefix  = "arXiv",
      primaryClass   = "gr-qc",
      SLACcitation   = "%%CITATION = ARXIV:1808.02459;%%"
}
@article{Abbott_2019a,
   title={All-sky search for continuous gravitational waves from isolated
neutron stars using Advanced LIGO O2 data},
   volume={100},
   ISSN={2470-0029},
   url={http://dx.doi.org/10.1103/PhysRevD.100.024004},
   DOI={10.1103/physrevd.100.024004},
   number={2},
   journal={Physical Review D},
   publisher={American Physical Society (APS)},
   author={Abbott, B. P. and Abbott, R. and Abbott, T. D. and Abraham, S. and
Acernese, F. and Ackley, K. and Adams, C. and Adhikari, R. X. and Adya, V. B.
and Affeldt, C. and et al.},
   year={2019},
   month={Jul}
}
@ARTICLE{1996A&A...312..675B,
       author = {{Bonazzola}, S. and {Gourgoulhon}, E.},
        title = "{Gravitational waves from pulsars: emission by the
magnetic-field-induced distortion.}",
      journal = {Astron. Astrophys},
     keywords = {GRAVITATION, MAGNETIC FIELDS, GRAVITATIONAL RADIATION, STARS:
NEUTRON, PULSARS: GENERAL, NUMERICAL METHODS: SPECTRAL, Astrophysics, General
Relativity and Quantum Cosmology},
         year = 1996,
        month = aug,
       volume = {312},
        pages = {675-690},
archivePrefix = {arXiv},
       eprint = {astro-ph/9602107},
 primaryClass = {astro-ph},
       adsurl = {https://ui.adsabs.harvard.edu/abs/1996A&A...312..675B},
      adsnote = {Provided by the SAO/NASA Astrophysics Data System}
}
@article{1978ApJ...222..281F,                                                   
       author = {{Friedman}, J.~L. and {Schutz}, B.~F.},                        
        title = "{Secular instability of rotating Newtonian stars.}",           
      journal = {Astrophys. J.},                                                         
     keywords = {Gravitational Effects, Newton Theory, Secular Variations,
Stellar Models, Canonical Forms, Stellar Gravitation, Stellar Radiation,
Tensors, Virial Theorem, Viscous Flow, Astrophysics, Rotating Stars:Stability},
         year = "1978",                                                         
        month = "May",                                                          
       volume = {222},                                                          
        pages = {281-296},                                                      
          doi = {10.1086/156143},                                               
       adsurl = {https://ui.adsabs.harvard.edu/abs/1978ApJ...222..281F},        
      adsnote = {Provided by the SAO/NASA Astrophysics Data System}             
}
@article{PhysRevD.100.064013,                                                            
  title = {How to search for gravitational waves from $r$-modes of known
pulsars},
  author = {Caride, Santiago and Inta, Ra and Owen, Benjamin J. and Rajbhandari,
Binod},
  journal = {Phys. Rev. D},                                                     
  volume = {100},                                                               
  issue = {6},                                                                  
  pages = {064013},                                                             
  numpages = {10},                                                              
  year = {2019},                                                                
  month = {Sep},                                                                
  publisher = {American Physical Society},                                      
  doi = {10.1103/PhysRevD.100.064013},                                          
  url = {https://link.aps.org/doi/10.1103/PhysRevD.100.064013}             
}
@article{Abbott_2020,
   title={GW190521: A Binary Black Hole Merger with a Total Mass of 
150  M⊙},
   volume={125},
   ISSN={1079-7114},
   url={http://dx.doi.org/10.1103/PhysRevLett.125.101102},
   DOI={10.1103/physrevlett.125.101102},
   number={10},
   journal={Physical Review Letters},
   publisher={American Physical Society (APS)},
   author={Abbott, R. and Abbott, T. D. and Abraham, S. and Acernese, F. and
Ackley, K. and Adams, C. and Adhikari, R. X. and Adya, V. B. and Affeldt, C. and
Agathos, M. and et al.},
   year={2020},
   month={Sep}
}
@misc{page2013stellar,
    title={Stellar Superfluids},
    author={Dany Page and James M. Lattimer and Madappa Prakash and Andrew W.
Steiner},
    year={2013},
    eprint={1302.6626},
    archivePrefix={arXiv},
    primaryClass={astro-ph.HE}
}
@article{Owen_1998,
   title={Gravitational waves from hot young rapidly rotating neutron stars},
   volume={58},
   ISSN={1089-4918},
   url={http://dx.doi.org/10.1103/PhysRevD.58.084020},
   DOI={10.1103/physrevd.58.084020},
   number={8},
   journal={Physical Review D},
   publisher={American Physical Society (APS)},
   author={Owen, Benjamin J. and Lindblom, Lee and Cutler, Curt and Schutz, Bernard F. and Vecchio, Alberto and Andersson, Nils},
   year={1998},
   month={Sep}
}
@article{Owen:2010ng,
      author         = "Owen, Benjamin J.",
      title          = "{How to adapt broad-band gravitational-wave searches for
                        r-modes}",
      journal        = "Phys. Rev.",
      volume         = "D82",
      year           = "2010",
      pages          = "104002",
      doi            = "10.1103/PhysRevD.82.104002",
      eprint         = "1006.1994",
      archivePrefix  = "arXiv",
      primaryClass   = "gr-qc",
      SLACcitation   = "%%CITATION = ARXIV:1006.1994;%%"
}

@article{Idrisy:2014qca,
      author         = "Idrisy, Ashikuzzaman and Owen, Benjamin J. and Jones,
                        David I.",
      title          = "{$R$-mode frequencies of slowly rotating relativistic
                        neutron stars with realistic equations of state}",
      journal        = "Phys. Rev.",
      volume         = "D91",
      year           = "2015",
      number         = "2",
      pages          = "024001",
      doi            = "10.1103/PhysRevD.91.024001",
      eprint         = "1410.7360",
      archivePrefix  = "arXiv",
      primaryClass   = "gr-qc",
      SLACcitation   = "%%CITATION = ARXIV:1410.7360;%%"
}

@article{Wette:2008hg,
      author         = "Wette, K. and others",
      title          = "{Searching for gravitational waves from Cassiopeia A with
                        LIGO}",
      booktitle      = "{Proceedings, 18th International Conference on General
                        Relativity and Gravitation (GRG18) and 7th Edoardo Amaldi
                        Conference on Gravitational Waves (Amaldi7), Sydney,
                        Australia, July 2007}",
      collaboration  = "LIGO Scientific",
      journal        = "Class. Quant. Grav.",
      volume         = "25",
      year           = "2008",
      pages          = "235011",
      doi            = "10.1088/0264-9381/25/23/235011",
      eprint         = "0802.3332",
      archivePrefix  = "arXiv",
      primaryClass   = "gr-qc",
      reportNumber   = "LIGO-P070123-01-Z",
      SLACcitation   = "%%CITATION = ARXIV:0802.3332;%%"
}

@article{Yoshida:2004gk,
      author         = "Yoshida, Shijun and Yoshida, Shin'ichirou and Eriguchi,
                        Yoshiharu",
      title          = "{R-mode oscillations of rapidly rotating barotropic stars
                        in general relativity: Analysis by the relativistic
                        Cowling approximation}",
      journal        = "Mon. Not. Roy. Astron. Soc.",
      volume         = "356",
      year           = "2005",
      pages          = "217-224",
      doi            = "10.1111/j.1365-2966.2004.08436.x",
      eprint         = "astro-ph/0406283",
      archivePrefix  = "arXiv",
      primaryClass   = "astro-ph",
      SLACcitation   = "%%CITATION = ASTRO-PH/0406283;%%"
}

@article{Wette:2011eu,
      author         = "Wette, Karl",
      title          = "{Estimating the sensitivity of wide-parameter-space
                        searches for gravitational-wave pulsars}",
      journal        = "Phys. Rev.",
      volume         = "D85",
      year           = "2012",
      pages          = "042003",
      doi            = "10.1103/PhysRevD.85.042003",
      eprint         = "1111.5650",
      archivePrefix  = "arXiv",
      primaryClass   = "gr-qc",
      SLACcitation   = "%%CITATION = ARXIV:1111.5650;%%"
}

@article{Jaranowski:1998qm,
      author         = "Jaranowski, Piotr and Krolak, Andrzej and Schutz, Bernard
                        F.",
      title          = "{Data analysis of gravitational - wave signals from
                        spinning neutron stars. 1. The Signal and its detection}",
      journal        = "Phys. Rev.",
      volume         = "D58",
      year           = "1998",
      pages          = "063001",
      doi            = "10.1103/PhysRevD.58.063001",
      eprint         = "gr-qc/9804014",
      archivePrefix  = "arXiv",
      primaryClass   = "gr-qc",
      SLACcitation   = "%%CITATION = GR-QC/9804014;%%"
}

@ARTICLE{LMO:1999prd,
   author = {{Lindblom}, L. and {Mendell}, G. and {Owen}, B.~J.},
    title = "{Second-order rotational effects on the r-modes of neutron stars}",
  journal = {\prd},
   eprint = {gr-qc/9902052},
 keywords = {Relativistic stars: structure stability and oscillations, Wave generation and sources, Pulsations oscillations and stellar seismology, Neutron stars},
     year = 1999,
    month = sep,
   volume = 60,
   number = 6,
      eid = {064006},
    pages = {064006},
      doi = {10.1103/PhysRevD.60.064006},
   adsurl = {http://adsabs.harvard.edu/abs/1999PhRvD..60f4006L},
  adsnote = {Provided by the SAO/NASA Astrophysics Data System}
}

@ARTICLE{LMoO:1998prl,
   author = {{Lindblom}, L. and {Owen}, B.~J. and {Morsink}, S.~M.},
    title = "{Gravitational Radiation Instability in Hot Young Neutron Stars}",
  journal = {Physical Review Letters},
   eprint = {gr-qc/9803053},
     year = 1998,
    month = jun,
   volume = 80,
    pages = {4843-4846},
      doi = {10.1103/PhysRevLett.80.4843},
   adsurl = {http://adsabs.harvard.edu/abs/1998PhRvL..80.4843L},
  adsnote = {Provided by the SAO/NASA Astrophysics Data System}
}

@ARTICLE{AKS:1999ApJ,
   author = {{Andersson}, N. and {Kokkotas}, K. and {Schutz}, B.~F.},
    title = "{Gravitational Radiation Limit on the Spin of Young Neutron Stars}",
  journal = {\apj},
   eprint = {astro-ph/9805225},
 keywords = {GRAVITATION, STARS: NEUTRON, STARS: OSCILLATIONS, STARS: ROTATION, Gravitation, Stars: Neutron, Stars: Oscillations, Stars: Rotation},
     year = 1999,
    month = jan,
   volume = 510,
    pages = {846-853},
      doi = {10.1086/306625},
   adsurl = {http://adsabs.harvard.edu/abs/1999ApJ...510..846A},
  adsnote = {Provided by the SAO/NASA Astrophysics Data System}
}
@article{Owen:1995tm,
      author         = "Owen, Benjamin J.",
      title          = "{Search templates for gravitational waves from
                        inspiraling binaries: Choice of template spacing}",
      journal        = "Phys. Rev.",
      volume         = "D53",
      year           = "1996",
      pages          = "6749-6761",
      doi            = "10.1103/PhysRevD.53.6749",
      eprint         = "gr-qc/9511032",
      archivePrefix  = "arXiv",
      primaryClass   = "gr-qc",
      SLACcitation   = "%%CITATION = GR-QC/9511032;%%"
}
@article{Owen:1998dk,
      author         = "Owen, Benjamin J. and Sathyaprakash, B. S.",
      title          = "{Matched filtering of gravitational waves from
                        inspiraling compact binaries: Computational cost and
                        template placement}",
      journal        = "Phys. Rev.",
      volume         = "D60",
      year           = "1999",
      pages          = "022002",
      doi            = "10.1103/PhysRevD.60.022002",
      eprint         = "gr-qc/9808076",
      archivePrefix  = "arXiv",
      primaryClass   = "gr-qc",
      reportNumber   = "GRP-505",
      SLACcitation   = "%%CITATION = GR-QC/9808076;%%"
}
@article{Lockitch:2000aa,
      author         = "Lockitch, Keith H. and Andersson, Nils and Friedman, John
                        L.",
      title          = "{The Rotational modes of relativistic stars. 1. Analytic
                        results}",
      journal        = "Phys. Rev.",
      volume         = "D63",
      year           = "2001",
      pages          = "024019",
      doi            = "10.1103/PhysRevD.63.024019",
      eprint         = "gr-qc/0008019",
      archivePrefix  = "arXiv",
      primaryClass   = "gr-qc",
      reportNumber   = "CGPG-99-12-2",
      SLACcitation   = "%%CITATION = GR-QC/0008019;%%"
}
@article{PhysRevLett.24.611,
  title = {Solutions of Two Problems in the Theory of Gravitational Radiation},
  author = {Chandrasekhar, S.},
  journal = {Phys. Rev. Lett.},
  volume = {24},
  issue = {11},
  pages = {611--615},
  numpages = {0},
  year = {1970},
  month = {Mar},
  publisher = {American Physical Society},
  doi = {10.1103/PhysRevLett.24.611},
  url = {https://link.aps.org/doi/10.1103/PhysRevLett.24.611}
}

@article{Sathyaprakash:2009xs,
      author         = "Sathyaprakash, B. S. and Schutz, B. F.",
      title          = "{Physics, Astrophysics and Cosmology with Gravitational
                        Waves}",
      journal        = "Living Rev. Rel.",
      volume         = "12",
      year           = "2009",
      pages          = "2",
      doi            = "10.12942/lrr-2009-2",
      eprint         = "0903.0338",
      archivePrefix  = "arXiv",
      primaryClass   = "gr-qc",
      SLACcitation   = "%%CITATION = ARXIV:0903.0338;%%"
}
@misc{JodrellBankObservatory,
    title = "{Jodrell Bank Crab Pulsar Monthly Ephemeris}",
    howpublished = "{\url{http://www.jb.man.ac.uk/pulsar/crab.html}}",
}
@article{Kaplan:2008qm,
      author         = "Kaplan, D. L. and Chatterjee, S. and Gaensler, B. M. and
                        Anderson, J.",
      title          = "{A Precise Proper Motion for the Crab Pulsar, and the
                        Difficulty of Testing Spin-Kick Alignment for Young
                        Neutron Stars}",
      journal        = "Astrophys. J.",
      volume         = "677",
      year           = "2008",
      pages          = "1201",
      doi            = "10.1086/529026",
      eprint         = "0801.1142",
      archivePrefix  = "arXiv",
      primaryClass   = "astro-ph",
      SLACcitation   = "%%CITATION = ARXIV:0801.1142;%%"
}
@article{Gressman_2002,
   title={Nonlinearr-modes in neutron stars: Instability of an unstable mode},
   volume={66},
   ISSN={1089-4918},
   url={http://dx.doi.org/10.1103/PhysRevD.66.041303},
   DOI={10.1103/physrevd.66.041303},
   number={4},
   journal={Physical Review D},
   publisher={American Physical Society (APS)},
   author={Gressman, Philip and Lin, Lap-Ming and Suen, Wai-Mo and Stergioulas, N. and Friedman, John L.},
   year={2002},
   month={Aug}
}
@article{Krishnan_2004,
   title={Hough transform search for continuous gravitational waves},
   volume={70},
   ISSN={1550-2368},
   url={http://dx.doi.org/10.1103/PhysRevD.70.082001},
   DOI={10.1103/physrevd.70.082001},
   number={8},
   journal={Physical Review D},
   publisher={American Physical Society (APS)},
   author={Krishnan, Badri and Sintes, Alicia M. and Papa, Maria Alessandra and Schutz, Bernard F. and Frasca, Sergio and Palomba, Cristiano},
   year={2004},
   month={Oct}
}
@article{Jones_2004,
   title={Is timing noise important in the gravitational wave detection of neutron stars?},
   volume={70},
   ISSN={1550-2368},
   url={http://dx.doi.org/10.1103/PhysRevD.70.042002},
   DOI={10.1103/physrevd.70.042002},
   number={4},
   journal={Physical Review D},
   publisher={American Physical Society (APS)},
   author={Jones, D. I.},
   year={2004},
   month={Aug}
}
@article{PhysRevD.91.062009,
  title = {Effect of timing noise on targeted and narrow-band coherent searches for continuous gravitational waves from pulsars},
  author = {Ashton, G. and Jones, D. I. and Prix, R.},
  journal = {Phys. Rev. D},
  volume = {91},
  issue = {6},
  pages = {062009},
  numpages = {9},
  year = {2015},
  month = {Mar},
  publisher = {American Physical Society},
  doi = {10.1103/PhysRevD.91.062009},
  url = {https://link.aps.org/doi/10.1103/PhysRevD.91.062009}
}
@article{PhysRevD.72.063006,
  title = {Generalized $\mathcal{F}$-statistic: Multiple detectors and multiple gravitational wave pulsars},
  author = {Cutler, Curt and Schutz, Bernard F.},
  journal = {Phys. Rev. D},
  volume = {72},
  issue = {6},
  pages = {063006},
  numpages = {10},
  year = {2005},
  month = {Sep},
  publisher = {American Physical Society},
  doi = {10.1103/PhysRevD.72.063006},
  url = {https://link.aps.org/doi/10.1103/PhysRevD.72.063006}
}
@article{Jaranowski_1998,
   title={Data analysis of gravitational-wave signals from spinning neutron stars: The signal and its detection},
   volume={58},
   ISSN={1089-4918},
   url={http://dx.doi.org/10.1103/PhysRevD.58.063001},
   DOI={10.1103/physrevd.58.063001},
   number={6},
   journal={Physical Review D},
   publisher={American Physical Society (APS)},
   author={Jaranowski, Piotr and Królak, Andrzej and Schutz, Bernard F.},
   year={1998},
   month={Aug}
}
@article{Alford_2014,
   title={GRAVITATIONAL WAVE EMISSION AND SPIN-DOWN OF YOUNG PULSARS},
   volume={781},
   ISSN={1538-4357},
   url={http://dx.doi.org/10.1088/0004-637X/781/1/26},
   DOI={10.1088/0004-637x/781/1/26},
   number={1},
   journal={The Astrophysical Journal},
   publisher={IOP Publishing},
   author={Alford, Mark G. and Schwenzer, Kai},
   year={2014},
   month={Jan},
   pages={26}
}
@article{Yoshida_2005,
   title={R-mode oscillations of rapidly rotating barotropic stars in general relativity: analysis by the relativistic Cowling approximation},
   volume={356},
   ISSN={1365-2966},
   url={http://dx.doi.org/10.1111/j.1365-2966.2004.08436.x},
   DOI={10.1111/j.1365-2966.2004.08436.x},
   number={1},
   journal={Monthly Notices of the Royal Astronomical Society},
   publisher={Oxford University Press (OUP)},
   author={Yoshida, S. and Yoshida, S. and Eriguchi, Y.},
   year={2005},
   month={Jan},
   pages={217–224}
}
@article{Aasi_2015,
   title={SEARCHES FOR CONTINUOUS GRAVITATIONAL WAVES FROM NINE YOUNG SUPERNOVA REMNANTS},
   volume={813},
   ISSN={1538-4357},
   url={http://dx.doi.org/10.1088/0004-637X/813/1/39},
   DOI={10.1088/0004-637x/813/1/39},
   number={1},
   journal={The Astrophysical Journal},
   publisher={IOP Publishing},
   author={Aasi, J. and Abbott, B. P. and Abbott, R. and Abbott, T. and Abernathy, M. R. and Acernese, F. and Ackley, K. and Adams, C. and Adams, T. and Addesso, P. and et al.},
   year={2015},
   month={Oct},
   pages={39}
}
@ARTICLE{1968ApJ...153..807H,
       author = {{Hartle}, James B. and {Thorne}, Kip S.},
        title = "{Slowly Rotating Relativistic Stars. II. Models for Neutron Stars and Supermassive Stars}",
      journal = {The Astrophysical Journal},
         year = "1968",
        month = "Sep",
       volume = {153},
        pages = {807},
          doi = {10.1086/149707},
       adsurl = {https://ui.adsabs.harvard.edu/abs/1968ApJ...153..807H},
      adsnote = {Provided by the SAO/NASA Astrophysics Data System}
}
@article{Owen_2010,
   title={How to adapt broad-band gravitational-wave searches for r-modes},
   volume={82},
   ISSN={1550-2368},
   url={http://dx.doi.org/10.1103/PhysRevD.82.104002},
   DOI={10.1103/physrevd.82.104002},
   number={10},
   journal={Physical Review D},
   publisher={American Physical Society (APS)},
   author={Owen, Benjamin J.},
   year={2010},
   month={Nov}
}
@article{Abadie_2010,
   title={FIRST SEARCH FOR GRAVITATIONAL WAVES FROM THE YOUNGEST KNOWN NEUTRON STAR},
   volume={722},
   ISSN={1538-4357},
   url={http://dx.doi.org/10.1088/0004-637X/722/2/1504},
   DOI={10.1088/0004-637x/722/2/1504},
   number={2},
   journal={The Astrophysical Journal},
   publisher={IOP Publishing},
   author={Abadie, J. and Abbott, B. P. and Abbott, R. and Abernathy, M. and Adams, C. and Adhikari, R. and Ajith, P. and Allen, B. and Allen, G. and Amador Ceron, E. and et al.},
   year={2010},
   month={Sep},
   pages={1504–1513}
}
@article{Wette_2012,
   title={Estimating the sensitivity of wide-parameter-space searches for gravitational-wave pulsars},
   volume={85},
   ISSN={1550-2368},
   url={http://dx.doi.org/10.1103/PhysRevD.85.042003},
   DOI={10.1103/physrevd.85.042003},
   number={4},
   journal={Physical Review D},
   publisher={American Physical Society (APS)},
   author={Wette, Karl},
   year={2012},
   month={Feb}
}
@article{Andersson_2018,
   title={The Enigmatic Spin Evolution of PSR J0537–6910: r-modes, Gravitational Waves, and the Case for Continued Timing},
   volume={864},
   ISSN={1538-4357},
   url={http://dx.doi.org/10.3847/1538-4357/aad6eb},
   DOI={10.3847/1538-4357/aad6eb},
   number={2},
   journal={The Astrophysical Journal},
   publisher={American Astronomical Society},
   author={Andersson, N. and Antonopoulou, D. and Espinoza, C. M. and Haskell, B. and Ho, W. C. G.},
   year={2018},
   month={Sep},
   pages={137}
}
@article{Owen_2000,
   title={Gravitational waves from the r-modes of rapidly rotating neutron stars},
   ISSN={0094-243X},
   url={http://dx.doi.org/10.1063/1.1291840},
   DOI={10.1063/1.1291840},
   journal={AIP Conference Proceedings},
   publisher={AIP},
   author={Owen, Benjamin J.},
   year={2000}
}
@article{Durant_2012,
   title={THE SPECTRUM OF THE RECYCLED PSR J0437–4715 AND ITS WHITE DWARF COMPANION},
   volume={746},
   ISSN={1538-4357},
   url={http://dx.doi.org/10.1088/0004-637X/746/1/6},
   DOI={10.1088/0004-637x/746/1/6},
   number={1},
   journal={The Astrophysical Journal},
   publisher={IOP Publishing},
   author={Durant, Martin and Kargaltsev, Oleg and Pavlov, George G. and Kowalski, Piotr M. and Posselt, Bettina and van Kerkwijk, Marten H. and Kaplan, David L.},
   year={2012},
   month={Jan},
   pages={6}
}
@article{Kaplan_2008,
   title={A Precise Proper Motion for the Crab Pulsar, and the Difficulty of Testing Spin‐Kick Alignment for Young Neutron Stars},
   volume={677},
   ISSN={1538-4357},
   url={http://dx.doi.org/10.1086/529026},
   DOI={10.1086/529026},
   number={2},
   journal={The Astrophysical Journal},
   publisher={IOP Publishing},
   author={Kaplan, D. L. and Chatterjee, S. and Gaensler, B. M. and Anderson, J.},
   year={2008},
   month={Apr},
   pages={1201–1215}
}
@article{Lyne_2014,
   title={45 years of rotation of the Crab pulsar},
   volume={446},
   ISSN={0035-8711},
   url={http://dx.doi.org/10.1093/mnras/stu2118},
   DOI={10.1093/mnras/stu2118},
   number={1},
   journal={Monthly Notices of the Royal Astronomical Society},
   publisher={Oxford University Press (OUP)},
   author={Lyne, A. G. and Jordan, C. A. and Graham-Smith, F. and Espinoza, C. M. and Stappers, B. W. and Weltevrede, P.},
   year={2014},
   month={Nov},
   pages={857–864}
}
@article{Romano_2017,
   title={Detection methods for stochastic gravitational-wave backgrounds: a unified treatment},
   volume={20},
   ISSN={1433-8351},
   url={http://dx.doi.org/10.1007/s41114-017-0004-1},
   DOI={10.1007/s41114-017-0004-1},
   number={1},
   journal={Living Reviews in Relativity},
   publisher={Springer Science and Business Media LLC},
   author={Romano, Joseph D. and Cornish, Neil. J.},
   year={2017},
   month={Apr}
}
@article{Arras_2003,
   title={Saturation of ther‐Mode Instability},
   volume={591},
   ISSN={1538-4357},
   url={http://dx.doi.org/10.1086/374657},
   DOI={10.1086/374657},
   number={2},
   journal={The Astrophysical Journal},
   publisher={IOP Publishing},
   author={Arras, Phil and Flanagan, Eanna E. and Morsink, Sharon M. and Schenk, A. Katrin and Teukolsky, Saul A. and Wasserman, Ira},
   year={2003},
   month={Jul},
   pages={1129–1151}
}
@article{Abbott_2008,
	doi = {10.1086/591526},
	url = {https://doi.org/10.1086%2F591526},
	year = 2008,
	month = {jul},
	publisher = {{IOP} Publishing},
	volume = {683},
	number = {1},
	pages = {L45--L49},
	author = {B. Abbott and R. Abbott and R. Adhikari and P. Ajith and B. Allen and et al.},
        title = {Beating the Spin-Down Limit on Gravitational Wave Emission from the Crab Pulsar},
	journal = {The Astrophysical Journal},
}

@article{B_hler_2014,
   title={The surprising Crab pulsar and its nebula: a review},
   volume={77},
   ISSN={1361-6633},
   url={http://dx.doi.org/10.1088/0034-4885/77/6/066901},
   DOI={10.1088/0034-4885/77/6/066901},
   number={6},
   journal={Reports on Progress in Physics},
   publisher={IOP Publishing},
   author={Bühler, R and Blandford, R},
   year={2014},
   month={Jun},
   pages={066901}
}
@article{Abbott_2019,
   title={Searches for Continuous Gravitational Waves from 15 Supernova Remnants
and Fomalhaut b with Advanced LIGO},
   volume={875},
   ISSN={1538-4357},
   url={http://dx.doi.org/10.3847/1538-4357/ab113b},
   DOI={10.3847/1538-4357/ab113b},
   number={2},
   journal={The Astrophysical Journal},
   publisher={American Astronomical Society},
   author={Abbott, B. P. and Abbott, R. and Abbott, T. D. and Abraham, S. and
Acernese, F. and Ackley, K. and Adams, C. and Adhikari, R. X. and Adya, V. B.
and Affeldt, C. and et al.},
   year={2019},
   month={Apr},
   pages={122}
}
@article{Abbott1_2019,
   title={Searches for Gravitational Waves from Known Pulsars at Two Harmonics
in 2015–2017 LIGO Data},
   volume={879},
   ISSN={1538-4357},
   url={http://dx.doi.org/10.3847/1538-4357/ab20cb},
   DOI={10.3847/1538-4357/ab20cb},
   number={1},
   journal={The Astrophysical Journal},
   publisher={American Astronomical Society},
   author={Abbott, B. P. and Abbott, R. and Abbott, T. D. and Abraham, S. and
Acernese, F. and Ackley, K. and Adams, C. and Adhikari, R. X. and Adya, V. B.
and Affeldt, C. and et al.},
   year={2019},
   month={Jun},
   pages={10}
}
@article{Levin_2001,
   title={Crust-core coupling and r-mode damping in neutron stars: a toy model},
   volume={324},
   ISSN={1365-2966},
   url={http://dx.doi.org/10.1046/j.1365-8711.2001.04323.x},
   DOI={10.1046/j.1365-8711.2001.04323.x},
   number={4},
   journal={Monthly Notices of the Royal Astronomical Society},
   publisher={Oxford University Press (OUP)},
   author={Levin, Yuri and Ushomirsky, Greg},
   year={2001},
   month={Jul},
   pages={917–922}
}
@article{Lindblom_2020,
   title={Directed searches for continuous gravitational waves from twelve
supernova remnants in data from Advanced LIGO’s second observing run},
   volume={101},
   ISSN={2470-0029},
   url={http://dx.doi.org/10.1103/PhysRevD.101.083023},
   DOI={10.1103/physrevd.101.083023},
   number={8},
   journal={Physical Review D},
   publisher={American Physical Society (APS)},
   author={Lindblom, Lee and Owen, Benjamin J.},
   year={2020},
   month={Apr}
}
@article{Ferdman_2018,
   title={The Glitches and Rotational History of the Highly Energetic Young
Pulsar PSR J0537–6910},
   volume={852},
   ISSN={1538-4357},
   url={http://dx.doi.org/10.3847/1538-4357/aaa198},
   DOI={10.3847/1538-4357/aaa198},
   number={2},
   journal={The Astrophysical Journal},
   publisher={American Astronomical Society},
   author={Ferdman, R. D. and Archibald, R. F. and Gourgouliatos, K. N. and
Kaspi, V. M.},
   year={2018},
   month={Jan},
   pages={123}
}
@article{Lyne1992GlitchesAP,
  title={Glitches as probes of neutron star interiors},
  author={Andrew G. Lyne},
  journal={Philosophical Transactions of the Royal Society of London. Series A:
Physical and Engineering Sciences},
  year={1992},
  volume={341},
  pages={29 - 37}
}
@article{Andersson_1998,
   title={A New Class of Unstable Modes of Rotating Relativistic Stars},
   volume={502},
   ISSN={1538-4357},
   url={http://dx.doi.org/10.1086/305919},
   DOI={10.1086/305919},
   number={2},
   journal={The Astrophysical Journal},
   publisher={IOP Publishing},
   author={Andersson, Nils},
   year={1998},
   month={Aug},
   pages={708–713}
}
@article{Friedman_1998,
   title={Axial Instability of Rotating Relativistic Stars},
   volume={502},
   ISSN={1538-4357},
   url={http://dx.doi.org/10.1086/305920},
   DOI={10.1086/305920},
   number={2},
   journal={The Astrophysical Journal},
   publisher={IOP Publishing},
   author={Friedman, John L. and Morsink, Sharon M.},
   year={1998},
   month={Aug},
   pages={714–720}
}

@article{Glampedakis2018,
      author         = "Glampedakis, Kostas and Gualtieri, Leonardo",
      title          = "{Gravitational waves from single neutron stars: an
                        advanced detector era survey}",
      journal        = "Astrophys. Space Sci. Libr.",
      volume         = "457",
      year           = "2018",
      pages          = "673-736",
      doi            = "10.1007/978-3-319-97616-7_12",
      eprint         = "1709.07049",
      archivePrefix  = "arXiv",
      primaryClass   = "astro-ph.HE",
      SLACcitation   = "%%CITATION = ARXIV:1709.07049;%%"
}

@article{Fesik2020,
    author = "Fesik, Liudmila and Papa, Maria Alessandra",
    title = "{First search for r-mode gravitational waves from J0537-6910}",
    eprint = "2001.07605",
    archivePrefix = "arXiv",
    primaryClass = "gr-qc",
    doi = "10.3847/1538-4357/ab8193.",
    journal = "Astrophys. J.",
    volume = "895",
    number = "1",
    pages = "11",
    year = "2020"
}

@article{O3,
    author = "Abbott, R. and others",
    collaboration = "LIGO Scientific, Virgo",
    title = "{Gravitational-wave constraints on the equatorial ellipticity of millisecond pulsars}",
    eprint = "2007.14251",
    archivePrefix = "arXiv",
    primaryClass = "astro-ph.HE",
    reportNumber = "LIGO-P2000029",
    month = "7",
    year = "2020"
}

@article{Palomba2005,
    author = "Palomba, Cristiano",
    title = "{Simulation of a population of isolated neutron stars evolving through the emission of gravitational waves}",
    eprint = "astro-ph/0503046",
    archivePrefix = "arXiv",
    doi = "10.1111/j.1365-2966.2005.08975.x",
    journal = "Mon. Not. Roy. Astron. Soc.",
    volume = "359",
    pages = "1150--1164",
    year = "2005"
}

@article{Palomba2000,
    author = "Palomba, Cristiano",
    title = "{Pulsars ellipticity revised}",
    eprint = "astro-ph/9912356",
    archivePrefix = "arXiv",
    journal = "Astron. Astrophys.",
    volume = "354",
    pages = "163",
    year = "2000"
}

@article{Alford_2012,
   title={Impact of r-modes on the cooling of neutron stars},
   url={http://dx.doi.org/10.1063/1.4763528},
   DOI={10.1063/1.4763528},
   publisher={AIP},
   author={Alford, Mark G. and Mahmoodifar, Simin and Schwenzer, Kai},
   year={2012}
}
@article{Espinoza_2011,
   title={A study of 315 glitches in the rotation of 102 pulsars},
   volume={414},
   ISSN={0035-8711},
   url={http://www.jb.man.ac.uk/pulsar/glitches.html},
   DOI={10.1111/j.1365-2966.2011.18503.x},
   number={2},
   journal={Monthly Notices of the Royal Astronomical Society},
   publisher={Oxford University Press (OUP)},
   author={Espinoza, C. M. and Lyne, A. G. and Stappers, B. W. and Kramer, M.},
   year={2011},
   month={Apr},
   pages={1679–1704}
}
@article{Lindblom_2001,
   title={Nonlinear Evolution of ther-Modes in Neutron Stars},
   volume={86},
   ISSN={1079-7114},
   url={http://dx.doi.org/10.1103/PhysRevLett.86.1152},
   DOI={10.1103/physrevlett.86.1152},
   number={7},
   journal={Physical Review Letters},
   publisher={American Physical Society (APS)},
   author={Lindblom, Lee and Tohline, Joel E. and Vallisneri, Michele},
   year={2001},
   month={Feb},
   pages={1152–1155}
}
@article{1993MNRAS.265.1003L,
    author = {Lyne, A. G. and Pritchard, R. S. and Graham Smith, F.},
    title = "{23 years of Crab pulsar rotational history}",
    journal = {Monthly Notices of the Royal Astronomical Society},
    volume = {265},
    number = {4},
    pages = {1003-1012},
    year = {1993},
    month = {12},
    issn = {0035-8711},
    doi = {10.1093/mnras/265.4.1003},
    url = {http://www.jb.man.ac.uk/pulsar/crab.html},
    eprint =
{https://academic.oup.com/mnras/article-pdf/265/4/1003/3173877/mnras265-1003.pdf},
}
@misc{collaboration2019open,
    title={Open data from the first and second observing runs of Advanced LIGO
and Advanced Virgo},
    author={R. Abbott et al.(The LIGO Scientific Collaboration and the Virgo
Collaboration)},
    year={2019},
    url = {https://www.gw-openscience.org/data/}, 
    eprint={1912.11716},
    archivePrefix={arXiv},
    primaryClass={gr-qc}
}
@article{Coughlin_2010,
   title={Noise Line Identification in LIGO S6 and Virgo VSR2},
   volume={243},
   ISSN={1742-6596},
   url={http://dx.doi.org/10.1088/1742-6596/243/1/012010},
   DOI={10.1088/1742-6596/243/1/012010},
   journal={Journal of Physics: Conference Series},
   publisher={IOP Publishing},
   author={Coughlin, Michael and Collaboration, the Ligo Scientific
Collaboration a},
   year={2010},
   month={Nov},
   pages={012010}
}
@ARTICLE{1975ApJ...195L..51H,
       author = {{Hulse}, R.~A. and {Taylor}, J.~H.},
        title = "{Discovery of a pulsar in a binary system.}",
      journal = {The Astrophysical Journal},
     keywords = {Binary Stars, Orbital Elements, Pulsars, Relativistic Effects,
Black Holes (Astronomy), Companion Stars, Eccentric Orbits, Mass Ratios, Neutron
Stars, Radial Velocity, Velocity Distribution, Astronomy},
         year = 1975,
        month = jan,
       volume = {195},
        pages = {L51-L53},
          doi = {10.1086/181708},
       adsurl = {https://ui.adsabs.harvard.edu/abs/1975ApJ...195L..51H},
      adsnote = {Provided by the SAO/NASA Astrophysics Data System}
}
@book{Schutz:1985jx,
    author = "Schutz, Bernard F.",
    title = "{A FIRST COURSE IN GENERAL RELATIVITY}",
    publisher = "Cambridge Univ. Pr.",
    address = "Cambridge, UK",
    year = "1985"
}
@ARTICLE{1976ApJ...208..550P,
       author = {{Pandharipande}, V.~R. and {Pines}, D. and {Smith}, R.~A.},
        title = "{Neutron star structure: theory, observation, and
speculation.}",
      journal = {The Astrophysical Journal},
         year = 1976,
        month = sep,
       volume = {208},
        pages = {550-566},
          doi = {10.1086/154637},
       adsurl = {https://ui.adsabs.harvard.edu/abs/1976ApJ...208..550P},
      adsnote = {Provided by the SAO/NASA Astrophysics Data System}
}
@book{Haensel:2007yy,
    author = "Haensel, P. and Potekhin, A.Y. and Yakovlev, D.G.",
    title = "{Neutron stars 1: Equation of state and structure}",
    doi = "10.1007/978-0-387-47301-7",
    publisher = "Springer",
    address = "New York, USA",
    volume = "326",
    year = "2007"
}
@article{PhysRevD.20.351,
  title = {Gravitational waves from rotating and precessing rigid bodies: Simple
models and applications to pulsars},
  author = {Zimmermann, Mark and Szedenits, Eugene},
  journal = {Phys. Rev. D},
  volume = {20},
  issue = {2},
  pages = {351--355},
  numpages = {0},
  year = {1979},
  month = {Jul},
  publisher = {American Physical Society},
  doi = {10.1103/PhysRevD.20.351},
  url = {https://link.aps.org/doi/10.1103/PhysRevD.20.351}
}

